<?xml version="1.0" encoding="UTF-8"?><collection xmlns="http://www.loc.gov/MARC21/slim"><record><leader>00423nam--2200145-i-4500</leader><controlfield tag="001">000030893</controlfield><controlfield tag="002">20161230</controlfield><controlfield tag="005">20161230201038</controlfield><controlfield tag="008">060222s1000------------r-----000-0-eng-d</controlfield><datafield ind1=" " ind2=" " tag="080"><subfield code="a">530.1(042.3)</subfield></datafield><datafield ind1=" " ind2=" " tag="245"><subfield code="a">Mathematical methods of theoretical physics</subfield></datafield><datafield ind1=" " ind2=" " tag="260"><subfield code="a">New York, Gordon And Breach, Science Publ., 1967, Ix + 400p</subfield></datafield><datafield ind1=" " ind2=" " tag="490"><subfield code="a">Lectures In Theoretical Physics</subfield></datafield><datafield ind1=" " ind2=" " tag="700"><subfield code="a">Brittin, Wesley E./S.A</subfield></datafield><datafield ind1=" " ind2=" " tag="852"><subfield code="a">15333</subfield></datafield></record></collection>